@article{braker1,
  title={BRAKER1: unsupervised RNA-Seq-based genome annotation with GeneMark-ET and AUGUSTUS},
  author={Hoff, Katharina J and Lange, Simone and Lomsadze, Alexandre and Borodovsky, Mark and Stanke, Mario},
  journal={Bioinformatics},
  volume={32},
  number={5},
  pages={767--769},
  year={2015},
  publisher={Oxford University Press}
}

@article{GeneMark-ET,
  title={Integration of mapped RNA-Seq reads into automatic training of eukaryotic gene finding algorithm},
  author={Lomsadze, Alexandre and Burns, Paul D and Borodovsky, Mark},
  journal={Nucleic acids research},
  volume={42},
  number={15},
  pages={e119--e119},
  year={2014},
  publisher={Oxford University Press}
}

@article{AUGUSTUS,
  title={Using native and syntenically mapped cDNA alignments to improve de novo gene finding},
  author={Stanke, Mario and Diekhans, Mark and Baertsch, Robert and Haussler, David},
  journal={Bioinformatics},
  volume={24},
  number={5},
  pages={637--644},
  year={2008},
  publisher={Oxford University Press}
}

@article{AlexandreLomsadze11282005,
	author = {Lomsadze, A. and Ter-Hovhannisyan, V. and Chernoff, Y.O. and Borodovsky, M.},
	title = {{Gene identification in novel eukaryotic genomes by self-training algorithm}},
	journal = {Nucleic Acids Research},
	volume = {33},
	number = {20},
	pages = {6494-6506},
	doi = {10.1093/nar/gki937},
	year = {2005},
	OptURL = {http://nar.oxfordjournals.org/cgi/content/abstract/33/20/6494},
	Opteprint = {http://nar.oxfordjournals.org/cgi/reprint/33/20/6494.pdf}
}

@article{ter2008gene,
	title={Gene prediction in novel fungal genomes using an ab initio algorithm with unsupervised training},
	author={Ter-Hovhannisyan, Vardges and Lomsadze, Alexandre and Chernoff, Yury O and Borodovsky, Mark},
	journal={Genome research},
	pages={gr--081612},
	year={2008},
	publisher={Cold Spring Harbor Lab}
}

@Article{Altschul:1990,
	author = 	 {Altschul, S.F. and Gish, W. and Miller, W. and Myers, E.W. and Lipman, D.J.},
	title = 	 {Basic local alignment search tool.},
	journal = 	 {Journal of Molecular Biology},
	year = 	 {1990},
	OPTkey = 	 {},
	volume = 	 {215},
	number = 	 {},
	pages = 	 {403-410},
	OPTmonth = 	 {},
	OPTnote = 	 {},
	OPTannote = 	 {}
}

@article{camacho2009blast+,
	title={BLAST+: architecture and applications},
	author={Camacho, Christiam and Coulouris, George and Avagyan, Vahram and Ma, Ning and Papadopoulos, Jason and Bealer, Kevin and Madden, Thomas L},
	journal={BMC bioinformatics},
	volume={10},
	number={1},
	pages={421},
	year={2009},
	publisher={BioMed Central}
}

@article{barnett2011bamtools,
	title={BamTools: a C++ API and toolkit for analyzing and managing BAM files},
	author={Barnett, Derek W and Garrison, Erik K and Quinlan, Aaron R and Str{\"o}mberg, Michael P and Marth, Gabor T},
	journal={Bioinformatics},
	volume={27},
	number={12},
	pages={1691--1692},
	year={2011},
	publisher={Oxford University Press}
}

@article{li2009sequence,
	title={The sequence alignment/map format and SAMtools},
	author={Li, Heng and Handsaker, Bob and Wysoker, Alec and Fennell, Tim and Ruan, Jue and Homer, Nils and Marth, Gabor and Abecasis, Goncalo and Durbin, Richard},
	journal={Bioinformatics},
	volume={25},
	number={16},
	pages={2078--2079},
	year={2009},
	publisher={Oxford University Press}
}

@PhdThesis{gremme2013,
	author = 	 {Gremme, G.},
	title = 	 {{Computational Gene Structure Prediction}},
	school = 	 {Universit\"at Hamburg},
	year = 	 {2013}
}

@article{gotoh2008direct,
	title={Direct mapping and alignment of protein sequences onto genomic sequence},
	author={Gotoh, Osamu},
	journal={Bioinformatics},
	volume={24},
	number={21},
	pages={2438--2444},
	year={2008},
	publisher={Oxford University Press}
}

@article{gotoh2008space,
	title={A space-efficient and accurate method for mapping and aligning cDNA sequences onto genomic sequence},
	author={Gotoh, Osamu},
	journal={Nucleic acids research},
	volume={36},
	number={8},
	pages={2630--2638},
	year={2008},
	publisher={Oxford University Press}
}

@article{iwata2012benchmarking,
	title={Benchmarking spliced alignment programs including Spaln2, an extended version of Spaln that incorporates additional species-specific features},
	author={Iwata, Hiroaki and Gotoh, Osamu},
	journal={Nucleic acids research},
	volume={40},
	number={20},
	pages={e161--e161},
	year={2012},
	publisher={Oxford University Press}
}

@article{slater2005automated,
	title={Automated generation of heuristics for biological sequence comparison},
	author={Slater, Guy St C and Birney, Ewan},
	journal={BMC bioinformatics},
	volume={6},
	number={1},
	pages={31},
	year={2005},
	publisher={BioMed Central}
}

@article{stanke2006gene,
	title={Gene prediction in eukaryotes with a generalized hidden Markov model that uses hints from external sources},
	author={Stanke, Mario and Sch{\"o}ffmann, Oliver and Morgenstern, Burkhard and Waack, Stephan},
	journal={BMC bioinformatics},
	volume={7},
	number={1},
	pages={62},
	year={2006},
	publisher={BioMed Central}
}
